<?xml version="1.0" encoding="UTF-8"?><collection xmlns="http://www.loc.gov/MARC21/slim"><record><leader>00368nam--2200121-i-4500</leader><controlfield tag="001">000022310</controlfield><controlfield tag="002">20161230</controlfield><controlfield tag="005">20161230201034</controlfield><controlfield tag="008">060222s1000------------r-----000-0-eng-d</controlfield><datafield ind1=" " ind2=" " tag="100"><subfield code="a">Huet, Jean Louis</subfield></datafield><datafield ind1=" " ind2=" " tag="245"><subfield code="a">Diffusion elastique pion-proton et proton-proton aux energies de 8,12 et 18 gev. these</subfield></datafield><datafield ind1=" " ind2=" " tag="260"><subfield code="a">Strasbourg, Faculte Des Sciences, 1964, 34 P</subfield></datafield><datafield ind1=" " ind2=" " tag="852"><subfield code="a">19656</subfield></datafield></record></collection>